@article{kuperberg-jaeger,
	author = {Kuperberg, G.R. and Jaeger, T.F.},
	year = 2016,
	title = {What do we mean by prediction in language
	comprehension?},
	journal = {Language, Cognition and Neuroscience},
	issue = 31,
	pages = {32-59}
}
@article{laurinavichyute,
	author = {Laurinavichyute, A.K. and Sekerina, I.A. and
	Alexeeva, S. and et al.},
	year = 2018,
	title = {Russian Sentence Corpus: Benchmark measures of eye movements
	in reading in Russian},
	journal = {Behavior Research Methods},
	doi = {10.3758/s13428-018-1051-6}
}

@article{staub,
	author = {Staub, A. and Grant, M. and Astheimer, L. and Cohen
	A.},
	year = 2015,
	title = {The influence of cloze probability and item constraint on
	cloze task response time},
	journal = {Journal of Memory and Language},
	issue = 82,
	pages = {1-17}
}

@article{hofmann,
	author = {Hofmann, M.J. and Biemann, C. and Remus, S.},
	year = 2017,
	title = {Benchmarking n-grams, Topic Models and Recurrent Neural Networks by Cloze Completions, EEGs and Eye Movements},
	journal = {ResearchGate},
	pages = {1-17},
}

@article{smith-levy,
	author = {Smith, N.J. and Levy, R.},
	year = 2011,
	title = {Cloze but no cigar: The complex relationship between cloze, corpus, and subjective probabilities in language processing},
	journal = {Cognitive Science Society},
	issue = 33,
	pages = {1637-1642},
}

@article{frisson-harvey,
	author = {Frisson, S. and Harvey, D.R. and Staub, A.},
	year = 2017,
	title = {No prediction error cost in reading: Evidence from eye
	movements},
	journal = {Journal of Memory and Language},
	issue = 95,
	pages = {200-214}
}

@article{luke-christianson,
	author = {Luke, S.G. and Christianson, K.},
	year = 2016,
	title = {Limits on lexical prediction during reading},
	journal = {Cognitive Psychology},
	issue = 88,
	pages = {22-60}
}

@article{murgue-higuera,
	author = {Murgue, T. and Higuera, C.},
	year = 2004,
	title = {Distances Between Distributions: Comparing Language Models},
	journal = {Structural, Syntactic, and Statistical Pattern Recognition},
	pages = {269-277}
}

@article{halser,
	author = {Halser, E. and Stahlberg, V. and Tomalin, M. and et
	al.},
	year = 2017,
	title = {A Comparison of Neural Models for Word Ordering},
	journal = {ACL Anthology},
	pages = {208-212}
}

@article{chen,
	author = {Chen, S. and Beeferman, D. and Rosenfeld, R.},
	year = 1998,
	title = {Evaluation Metrics for Language Models},
	journal = {Carnegie Mellon University},
	pages = {1-6}
}

@article{al-anzi,
	author = {Al-Anzi, F.S. and Abu Zeina, D.},
	year = 2017,
	title = {Statistical Markovian Data Modeling for Natural Language
	Processing},
	journal = {International Journal of Data Mining \& Knowledge Management Process},
	volume = 7,
	number = 1,
	pages = {25-35}
}

@inproceedings{arefyev,
	author = {Arefyev N.V. and Panchenko A.I. and Lukanin A.V. and
	Lesota O.O. and Romanov P.V},
	title = {Evaluating Three Corpus based Semantic Similarity
	Systems for Russian},
	booktitle = {Компьютерная лингвистика и интеллектуальные
	технологии: По материалам ежегодно Международной конференции
	Диалог (Москва, 27 -- 30 Мая 2015)} ,
	issue = 14,
	year = 2015,
	volume = 2,
	pages = {116–128},
	publisher = {РГГУ Москва}
}

@article{bejar,
	author = {Béjar, J.},
	year = 2010,
	title = {K-means vs Mini Batch K-means: A comparison},
	journal = {Universitat Politècnica de Catalunya},
	url = {https://upcommons.upc.edu/bitstream/handle/2117/ 23414/R13-8.pdf}
}
@article{taylor:1953,
	author = {Taylor, W.L.},
	year = 1953,
	title = {Cloze procedure: {A} new tool for measuring
	readability},
	journal = {Journalism Quarterly},
	issue = 30,
	pages = {415-433}
}
@misc{jozefowicz:2016,
	title = {Exploring the Limits of Language Modeling},
	author = {Rafal Jozefowicz and Oriol Vinyals and Mike Schuster
	and Noam Shazeer and Yonghui Wu},
	year = 2016,
	eprint = {1602.02410},
	archivePrefix={arXiv},
	primaryClass={cs.CL}
}

@misc{bert,
	title = {{BERT}: Pre-training of Deep Birdirectional
	Transformers for Language Understanding},
	author = {Jacob Devlin and Ming-Wei Chang and Kenton Lee and
	Kristina Toutanova},
	year = 2018,
	eprint = {1810.04805v2},
	archivePrefix={arXiv},
	primaryClass={cs.CL}
}

@misc{korobov:2015,
	title = {Morphological Analyzer and Generator for Russian and
	Ukrainian Languages},
	author = {Mikhail Korobov},
	year = 2015,
	eprint = {1503.07283},
	archivePrefix={arXiv},
	primaryClass={cs.CL}
}


@inproceedings{bocharov:2011,
	author = {Victor Bocharov and Svetlana Bichineva and Dmitry
	Granovsky and Natalia Ostapuk and Maria Stepanova},
	title = {Quality Assurance Tools in the OpenCorpora Project},
	booktitle = {Компьютерная лингвистика и интеллектуальные
	технологии: По материалам ежегодно Международной конференции
	Диалог (Бекасово, 25 -- 29 Мая 2011)} ,
	issue = 10,
	year = 2011,
	pages = {101-109},
	publisher = {РГГУ Москва}
}
@misc{ruwiki,
	author = "Russian Wikipedia",
	title = "Russian Wikipedia",
	year = "2019",
	url = "https://ru.wikipedia.org"}

@inproceedings{natcorp,
	author = {Juri Apresjan and Igor Boguslavsky and Boris Iomdin
	and Leonid Iomdin and Andrei Sannikov and Victor Sizov},
	title = {A Syntactically and Semantically Tagged Corpus of
	Russian: State of the Art and Prospects 1},
	year = 2006,
	booktitle = {Proceedings of LREC},
	location = {Genova, Italy},
	pages = {1378-1381}
}
@misc{mikolov2013efficient,
    title={Efficient Estimation of Word Representations in Vector Space},
    author={Tomas Mikolov and Kai Chen and Greg Corrado and Jeffrey Dean},
    year={2013},
    eprint={1301.3781},
    archivePrefix={arXiv},
    primaryClass={cs.CL}
}
@inproceedings{Wang2018GLUEAM,
  title={GLUE: A Multi-Task Benchmark and Analysis Platform for Natural Language Understanding},
  author={Alex Wang and Amanpreet Singh and Julian Michael and Felix Hill and Omer Levy and Samuel R. Bowman},
  booktitle={BlackboxNLP@EMNLP},
  year={2018}
}
@inproceedings{runews,
  title={To The Methodology Of Corpus Construction For Machine Learning: «taiga» Syntax Tree Corpus And Parser},
  author={Shavrina T., Shapovalova O.},
  year={2017},
  booktitle={Corpus Linguistics},
}
@misc{zhou-cloze,
	author = {Zhou, Jimmy, Javen Xu, and Jing Bo Yang.},
	title = {Cloze Answer Generator.},
	journal = {CS 224N Project}
}

@inproceedings{wang-cloze,
    title = {An LSTM model for cloze-style machine comprehension.},
	author = {Wand, Shuohang, and Jing Jiang.},
	year = 2018,
	booktitle = {Computational Linguistics and Intelligent Text Processing: 19th International Conference, CICLing},
	location = {Hanoi, Vietnam}
}

@inproceedings{fu-cloze,
    title = {ATNet: Answering Cloze-Style Questions via Intra-attention and Inter-attention.},
	author = {Fu, Chengzhen, Yuntao Li, and Yan Zhang.},
	year = 2019,
	booktitle = {Pacific-Asia Conference on Knowledge Discovery and Data Mining.}
}